
@DocuShare{SQR-037,
   author = {Russ Allbery},
    title = "{SQR-037: SQuaRE security risk assessment}",
     year = 2020,
    month = aug,
   handle = {SQR-037},
     note = {{Vera C. Rubin Observatory SQuaRE Technical Note}},
      url = {https://sqr-037.lsst.io/} }

